<record><leader>00000cas a2200000 a 4500</leader><controlfield tag="001">13727926</controlfield><controlfield tag="008">860613d18781878mouwr ne      0    0eng d</controlfield><datafield ind1=" " ind2=" " tag="010"><subfield code="a">sn 86063674 </subfield></datafield><datafield ind1=" " ind2=" " tag="040"><subfield code="a">KSH</subfield><subfield code="b">eng</subfield><subfield code="c">KSH</subfield><subfield code="d">NPT</subfield><subfield code="d">MQN</subfield><subfield code="d">OCL</subfield><subfield code="d">OCLCQ</subfield></datafield><datafield ind1=" " ind2=" " tag="042"><subfield code="a">msc</subfield></datafield><datafield ind1="0" ind2=" " tag="130"><subfield code="a">St. Joseph gazette-chronicle (Saint Joseph, Mo. : Weekly)</subfield></datafield><datafield ind1="1" ind2="0" tag="245"><subfield code="a">St. Joseph gazette-chronicle.</subfield></datafield><datafield ind1="3" ind2="0" tag="246"><subfield code="a">Saint Joseph gazette chronicle</subfield></datafield><datafield ind1=" " ind2=" " tag="260"><subfield code="a">St. Joseph, Mo. :</subfield><subfield code="b">Gazette-Chronicle Co.,</subfield><subfield code="c">1878.</subfield></datafield><datafield ind1=" " ind2=" " tag="300"><subfield code="a">v.</subfield></datafield><datafield ind1=" " ind2=" " tag="310"><subfield code="a">Weekly</subfield></datafield><datafield ind1="0" ind2=" " tag="362"><subfield code="a">New ser., vol. 11, no. 17 (Apr. 11, 1878)-v. 34, no. 147 (June 27, 1878).</subfield></datafield><datafield ind1=" " ind2="4" tag="651"><subfield code="a">Saint Joseph (Mo.)</subfield><subfield code="v">Newspapers.</subfield></datafield><datafield ind1=" " ind2=" " tag="752"><subfield code="a">United States</subfield><subfield code="b">Missouri</subfield><subfield code="c">Buchanan</subfield><subfield code="d">Saint Joseph.</subfield></datafield><datafield ind1="0" ind2=" " tag="775"><subfield code="t">St. Joseph gazette-chronicle (Saint Joseph, Mo. : Daily)</subfield><subfield code="w">(DLC)sn 93059927</subfield></datafield><datafield ind1="0" ind2="4" tag="780"><subfield code="t">St. Joseph gazette (Saint Joseph, Mo. : 1876 : Weekly)</subfield><subfield code="w">(DLC)sn 86063675</subfield></datafield><datafield ind1="0" ind2="4" tag="780"><subfield code="t">St. Joseph chronicle (Saint Joseph, Mo. : Weekly)</subfield></datafield><datafield ind1="0" ind2="0" tag="785"><subfield code="t">St. Joseph weekly gazette (Saint Joseph, Mo. : 1878)</subfield><subfield code="w">(DLC)sn 86063679</subfield></datafield><datafield ind1="1" ind2=" " tag="029"><subfield code="a">AU@</subfield><subfield code="b">000022168764</subfield></datafield></record>